@INPROCEEDINGS{kai:slimdb,
	AUTHOR = "Kai Ren and Qing Zheng and Joy Arulraj and Garth Gibson",
	TITLE = "SlimDB: A Space-Efficient Key-Value Storage Engine For Semi-Sorted Data",
	BOOKTITLE = "Proceedings of the VLDB Endowment",
	ORGANIZATION = "VLDB Endowment",
	MONTH = "August",
	YEAR = {2017},
	VOLUME = "{10}"	}

@ARTICLE{Edward:incremental_update,
	AUTHOR = "Edward Omiecinski and Wei Liu and Ian Akyildiz",
	TITLE = "Analysis of a deferred and incremental update strategy for secondary indexes",
	JOURNAL = {Informafion Systems},
	VOLUME = {16},
	NUMBER = {3},
	PAGES = {345-356},
	MONTH = "February",
	YEAR = {1991}	}

@ARTICLE{Lohman:differential_files,
	AUTHOR = "Dennis G. Severance and Guy M. Lohman",
	TITLE = "Differential files: their application to the maintenance of large databases",
	JOURNAL = {ACM Transactions on Database Systems (TODS)},
	VOLUME = {1},
	NUMBER = {3},
	PAGES = {256-267},
	MONTH = "January",
	YEAR = {1976}	}

@INPROCEEDINGS{Min:random_ssd_write,
	TITLE = {SFS: random write considered harmful in solid state drives.},
	AUTHOR = {Min, Changwoo and Kim, Kangnyeon and Cho, Hyunjin and Lee, Sang-Won and Eom, Young Ik},
	BOOKTITLE = {FAST},
	PAGES = {139-154},
	YEAR = {2012}	}

@INPROCEEDINGS{Wang:open_channel_ssd,
	TITLE = {An efficient design and implementation of LSM-tree based key-value store on open-channel SSD},
	AUTHOR = {Wang, Peng and Sun, Guangyu and Jiang, Song and Ouyang, Jian and Lin, Shiding and Zhang, Chen and Cong, Jason},
	BOOKTITLE = {Proceedings of the Ninth European Conference on Computer Systems},
	PAGES = {16},
	YEAR = {2014},
	ORGANIZATION = {ACM}	}

@INPROCEEDINGS{Putze:bloom_cache_oblivious,
	TITLE = {Cache-, hash-and space-efficient bloom filters},
	AUTHOR = {Putze, Felix and Sanders, Peter and Singler, Johannes},
	BOOKTITLE = {International Workshop on Experimental and Efficient Algorithms},
	PAGES = {108--121},
	YEAR = {2007},
	ORGANIZATION = {Springer}	}

@INPROCEEDINGS{Kirsch:bloom_less_hashing,
	TITLE = {Less hashing, same performance: building a better bloom filter},
	AUTHOR = {Kirsch, Adam and Mitzenmacher, Michael},
	BOOKTITLE = {European Symposium on Algorithms},
	PAGES = {456--467},
	YEAR = {2006},
	ORGANIZATION = {Springer}	}

@INPROCEEDINGS{Armstrong:linkbench,
	TITLE = {LinkBench: a database benchmark based on the Facebook social graph},
	AUTHOR = {Armstrong, Timothy G and Ponnekanti, Vamsi and Borthakur, Dhruba and Callaghan, Mark},
	BOOKTITLE = {Proceedings of the 2013 ACM SIGMOD International Conference on Management of Data},
	PAGES = {1185--1196},
	YEAR = {2013},
	ORGANIZATION = {ACM}	}
